<?xml version="1.0" encoding="UTF-8"?><record xmlns="http://www.loc.gov/MARC21/slim" xmlns:cinclude="http://apache.org/cocoon/include/1.0" xmlns:zs="http://www.loc.gov/zing/srw/">
  <leader>00434cz  a2200133n  4500</leader>
  <controlfield tag="001">n  92072519 </controlfield>
  <controlfield tag="003">DLC</controlfield>
  <controlfield tag="005">19920721094633.9</controlfield>
  <controlfield tag="008">920717n| acannaab|          |a aaa |||  </controlfield>
  <datafield tag="010" ind1=" " ind2=" ">
    <subfield code="a">n  92072519 </subfield>
  </datafield>
  <datafield tag="040" ind1=" " ind2=" ">
    <subfield code="a">DLC</subfield>
    <subfield code="c">DLC</subfield>
    <subfield code="d">DLC</subfield>
  </datafield>
  <datafield tag="100" ind1="1" ind2="0">
    <subfield code="a">Greenberg, Johannes,</subfield>
    <subfield code="d">1887-1951</subfield>
  </datafield>
  <datafield tag="400" ind1="1" ind2="0">
    <subfield code="a">Greėnberg, Iokhannes,</subfield>
    <subfield code="d">1887-1951</subfield>
  </datafield>
  <datafield tag="670" ind1=" " ind2=" ">
    <subfield code="a">Läti, H. Johannes Greenberg, 1887-1951, 1990:</subfield>
    <subfield code="b">p. 5, etc. (Estonian artist) colophon (Iokhannes Greėnberg)</subfield>
  </datafield>
</record>